00100000         2026599530001760032948600014       0032860000000075367 SAPATARIA E CONFECSOES JIBA   BANCO DO BRASIL                         22103201102475000025703000000909214318PROCESSAMEN                                                 
00100011T0100020 20026599530001760032948600014       0032860000000075367 SAPATARIA E CONFECSOES JIBA                                                                                    000000002103201100000000  000000000                      
0010001300001T 060032860000000075367 32948600000000196   1               23032011000000000004000237009880                         0900000000000000000000000000000000000000000000000000000   000000000000000000000050000        180273294860     
0010001300002U 060000000000000000000000000000000000000000000000000000000000000000000000040000000000000035000000000000000000000000000000002103201123032011            000000000000000                              000                           
0010001300003T 060032860000000075367 32948600000000236   1               25032011000000000003000033045680                         0900000000000000000000000000000000000000000000000000000   000000000000000000000050000        180273294860     
0010001300004U 060000000000000000000000000000000000000000000000000000000000000000000000030000000000000025000000000000000000000000000000002103201123032011            000000000000000                              000                           
0010001300005T 060032860000000075367 32948600000000244   1               23032011000000000001500104004900                         0900000000000000000000000000000000000000000000000000000   000000000000000000000050000        180273294860     
0010001300006U 060000000000000000000000000000000000000000000000000000000000000000000000015000000000000010000000000000000000000000000000002103201123032011            000000000000000                              000                           
0010001300007T 060032860000000075367 32948600000000249   1               23032011000000000001500104022660                         0900000000000000000000000000000000000000000000000000000   000000000000000000000050000        180273294860     
0010001300008U 060000000000000000000000000000000000000000000000000000000000000000000000015000000000000010000000000000000000000000000000002103201123032011            000000000000000                              000                           
0010001300009T 060032860000000075367 32948600000005048   1               01042011000000000002880033002570                         0900000000000000000000000000000000000000000000000000000   000000000000000000000050000        180273294860     
0010001300010U 060000000000000000000000000000000000000000000000000000000000000000000000028800000000000023800000000000000000000000000000002103201123032011            000000000000000                              000                           
00100015         000012000000000000000000000000000000000000000000000000000000000000000000000000000000000000000000000000000000000000000000000000000                                                                                              
00199999         000001000014000000                                                                                                                                                            00000000000000000000000000000                    
