20800000         230306294000145006375766049310430530000100000001100983 EMPRESA CEDENTE               BANCO BTG PACTUAL                       21506202113034700001410301600                                                                                                                                         
20800001T01  020 2030306294000145006375766049310430530000100000001100983 EMPRESA CEDENTE                                                                                          15062021                                         
2080001300001T 020000100000001100783 000000000000000002681196/1-1        150620210000000000800002080000100000695800000001285      09052843212000818 EMPRESA SACADO EXEMPLO                  00000000000000000000000  0000000000          
2080001300002U 020000000000000000000000000000000000000000000000000000000000000000000000000000000000000800000000000000000000000000000000  15062021        000015062021000000000000000                              000                           
2080001300003T 060000100000001100783 000000000000000002681196/1-1        150620210000000000800002080000100000695800000001285      09052843212000818 EMPRESA SACADO EXEMPLO                  00000000000000000000000  0000000000          
2080001300004U 060000000000000000000000000000000000000000800000000000000000000000000000800000000000000800000000000000000000000000000000  1506202115062021000015062021000000000080000                              000                           
20800015         000001000001000000000080000  000000000000000000000  00000000000000000000000000000000000000000000  00000000                                                                                                                     
20899999         000001000001000000                                                                                                                                                                                                             
