02RETORNO01COBRANCA       99990000009999      ACME                          004B.DO NORDESTE  07031701600BPI00194      000000                                                                                                                                                                                                                                                                             000001
1029999999999999999990000009999                               099087140000000000                           40207031712530/01  09908714            28031700000000442810040044 0100000000002460000000000000000000000000000000000000000000000000000000000000000000000000000000000000000000000000000000000000000000000000000000000000000000000000000000000000000000000000                                     000002
1029999999999999999990000009999                               099087060000000000                           40207031712526/01  09908706            05041700000001696560040044 0100000000002460000000000000000000000000000000000000000000000000000000000000000000000000000000000000000000000000000000000000000000000000000000000000000000000000000000000000000000000000                                     000003
1029999999999999999990000009999                               099087220000000000                           40207031712540/01  09908722            28031700000000399110040044 0100000000002460000000000000000000000000000000000000000000000000000000000000000000000000000000000000000000000000000000000000000000000000000000000000000000000000000000000000000000000000                                     000004
1029999999999999999990000009999                               099079800000000000                           40607031712285/01  09907980            07031700000002345250040044 0100000000000000000000000000000000000000000000000000000000000000000000000000000000000002345250000000000000000000000000000008031700000000000000000000000000000000000000000000000000000000                                     000005
1029999999999999999990000009999                               099080210000000000                           40607031712292/01  09908021            07031700000001234030040044 0100000000000000000000000000000000000000000000000000000000000000000000000000000000000001234030000000000000000000000000000008031700000000000000000000000000000000000000000000000000000000                                     000006
1029999999999999999990000009999                               099080050000000000                           40607031712283/01  09908005            07031700000002370590049999 0100000000000000000000000000000000000000000000000000000000000000000000000000000000000002370590000000000000000000000000000008031700000000000000000000000000000000000000000000000000000000                                     000007
1029999999999999999990000009999                               099079980000000000                           40607031712284/01  09907998            07031700000001423140040044 0100000000000000000000000000000000000000000000000000000000000000000000000000000000000001423140000000000000000000000000000008031700000000000000000000000000000000000000000000000000000000                                     000008
1029999999999999999990000009999                               099079630000000000                           40607031712287/01  09907963            07031700000003951640040237 0100000000000000000000000000000000000000000000000000000000000000000000000000000000000003951640000000000000000000000000000008031700000000000000000000000000000000000000000000000000000000                                     000009
1029999999999999999990000009999                               099080130000000000                           40607031712293/01  09908013            07031700000000506870040044 0100000000000000000000000000000000000000000000000000000000000000000000000000000000000000506870000000000000000000000000000008031700000000000000000000000000000000000000000000000000000000                                     000010
1029999999999999999990000009999                               099079710000000001                           50607031712286/01  09907971            07031700000004723640040044 0100000000000000000000000000000000000000000000000000000000000000000000000000000000000004723640000000000000000000000000000008031700000000000000000000000000000000000000000000000000000000                                     000011
9201004          000000000000021743847400000193                                                                                                                                                                                                                                                                                                                                                           000012
