02RETORNO01COBRANCA       10138DELCREDFUNDOLTDDEL CRED NP FUNDO DE INVESTIME435BANCO DELCRED  24052201600BPI02526                                                                                                                                                                                                                                                                                         000001
1021146819200018110138DELCREDFUNDOLTD                         00000196289         112                      102240522TESTE123                      100622000000010000043500019010000000000150                          000000000000000000000000000000000000000000000000000000000000000000000000000000                                                                                    100000000240522000000002
920143500000000000000000000000000000000000000000000000000000000000000000000000000000000000000000000000000                                                                                                                                                                                                                                                                                                 000003
