01REMESSA01COBRANCA       000106713030        KRONOS LTDA                   224BANCO FIBRA SA 100123                                                                                                                                                                                                                                                                                                      000001
10226589893000146000106713030                                 00000000000  00000000000   0000000000000000  501000000000125012300000000010002240000001N100123001000000000000000000000000000000000000000000000000000000000000210228511000119INTRASIS                                AV. ENGENHEIRO CAETANO ALVARES, 3536    LIMAO       02546000SAO PAULO      SP                                        000000002
4                                    35230126589893000146550010000124251745502439                                                                                                                                                                                                                                                                                                                         000003
9                                                                                                                                                                                                                                                                                                                                                                                                         000004
