02RETORNO01COBRANCA       000000000000        123456 LTDA                   224BANCO FIBRA S.A16012301600BPI00030160123                                                                                                                                                                                                                                                                                   000001
10226589893000146000000000000                                 00113365383         112                      20613012311482                         130123000000585900034172070010000000000000                          000000000000000000000000000000000000000000000585900000000000000000000000000000                                                                                    100000000160123000000002
10226589893000146000000000000                                 00113365557         112                      20613012311693-4                       120123000000020742803307020010000000000000                          000000000000000000000000000000000000000000000020777300000000003450000000000000                                                                                    100000000160123000000003
10226589893000146000000000000                                 00113583431         112                      20613012311937-1                       130123000000207067634137880010000000000000                          000000000000000000000000000000000000000000000207067600000000000000000000000000                                                                                    100000000160123000000004
10226589893000146000000000000                                 00113583464         112                      20613012311941-1                       130123000000117055034137880010000000000000                          000000000000000000000000000000000000000000000117055000000000000000000000000000                                                                                    100000000160123000000005
10226589893000146000000000000                                 00113583803         112                      20613012311870-1                       130123000000023544034148330010000000000000                          000000000000000000000000000000000000000000000023544000000000000000000000000000                                                                                    100000000160123000000006
10226589893000146000000000000                                 00114045208         112                      20113012312489-1                       080223000000213246022400010010000000000000                          000000000000000000000000000000000000000000000000000000000000000000000000000000                                                                                    100000000130123000000007
10226589893000146000000000000                                 00114045208         112                      20213012312489-1                       080223000000213246022400010010000000000450                          000000000000000000000000000000000000000000000000000000000000000000000000000000                                                                                    100000000130123000000008
10226589893000146000000000000                                 00114045216         112                      20113012312489-2                       150323000000213246022400010010000000000000                          000000000000000000000000000000000000000000000000000000000000000000000000000000                                                                                    100000000130123000000009
10226589893000146000000000000                                 00114045216         112                      20213012312489-2                       150323000000213246022400010010000000000450                          000000000000000000000000000000000000000000000000000000000000000000000000000000                                                                                    100000000130123000000010
10226589893000146000000000000                                 00114045224         112                      20113012312489-3                       120423000000213246022400010010000000000000                          000000000000000000000000000000000000000000000000000000000000000000000000000000                                                                                    100000000130123000000011
10226589893000146000000000000                                 00114045224         112                      20213012312489-3                       120423000000213246022400010010000000000450                          000000000000000000000000000000000000000000000000000000000000000000000000000000                                                                                    100000000130123000000012
920122400000000000000000000000000000000                  0000000000000000000000                                                                                                  0000000000000000000000        0000000000011                                                                                                                                                                              000013