02RETORNO01COBRANCA                           000000000000000000000000000000077INTER          061221                                                                                                                                                                                                                                                                                                      000001
10                  11200010100000000                         0       00000000000     112020612210000000001000000000000712210000000001000077000101                                   00000000000000                               00000000000000                                                                                                                                                          000002
9201077          00000001                                00001000000000000            00000                        00000000000000000                                                                                                                                                                                                                                                                      000003