01REMESSA01COBRANCA       00048780            KRONOS LTDA                   643BANCO PINE S.A 110123                                                                                                                                                                                                                                                                                                      000001
10226589893000146000048780                                    00000000000  00000000000   0000000000000000  101000000000126012300000000010006430000001N110123000000000000000000000000000000000000000000000000000000000000000210228511000119INTRASIS                                AV. ENGENHEIRO CAETANO ALVERES, 3536    LIMAO       02546000SAO PAULO      SP                                        009000002
412425          00000001427931001202335230126589893000146550010000124251745502439                                                                                                                                                                                                                                                                                                                         000003
9                                                                                                                                                                                                                                                                                                                                                                                                         000004
