01REMESSA01COBRANCA       00010005447390      ACME                          633RENDIMENTO S.A 040923                                                                                                                                                                                                                                                                                                      000001
102999999999999995447390       000000                         00969281792                0000000000000000  601009692817920012300000012750006330000001N040923000000000000000000000000000000000000000000000000000000000000000100099999999999CLIENTE                                 RUA UM, 123                             BAIRRO      99999999CIDADE         UF                                        009000002
9                                                                                                                                                                                                                                                                                                                                                                                                         000003
