02RETORNO01COBRANCA       00000000            123456 LTDA                   643BANCO PINE     16012301600BPI00029                                                                                                                                                                                                                                                                                         000001
1022658989300014600000000                                     01044552172         112                      3061301231156601                       130123000000116429834189490010000000000000                          000000000000000000000000000000000000000000000116429800000000000000000000000000                                                                                    100000000130123000000002
1022658989300014600000000                                     01044572279         112                      3061301231164801                       160123000000181395900134090010000000000000                          000000000000000000000000000000000000000000000181395900000000000000000000000000                                                                                    100000000130123000000003
1022658989300014600000000                                     01044572386         112                      3061301231166203                       180123000000032531210437290010000000000000                          000000000000000000000000000000000000000000000032531200000000000000000000000000                                                                                    100000000130123000000004
1022658989300014600000000                                     01044772069         112                      3061301231212501                       020123000000391149023733890010000000000000                          000000000000000000000000000000000000000000000406142800000001499380000000000000                                                                                    100000000130123000000005
1022658989300014600000000                                     01044786531         112                      3061301231224501                       090123000000410706423733890010000000000000                          000000000000000000000000000000000000000000000421658500000001095210000000000000                                                                                    100000000130123000000006
920164300000000000000000000000000000000000000000000000000000000000000000000000000000000000000000000000000                                                                                                                                                                                                                                                                                                 000007
