01REMESSA01COBRANCA       0012345678901235E+19ACME                          237BRADESCO       091216        MX0000001                                                                                                                                                                                                                                                                                     000001
1                   000901111999999991                        2370000000000000001100000000002            2  011         0912160000000010000   0000001N091216180200000000000000000000000000000000000000000000000000000000000100099999999999CLIENTE                                 RUA UM, 123                             BAIRRO      99999999                                                            000002
9                                                                                                                                                                                                                                                                                                                                                                                                         000003
