02RETORNO01COBRANCA       00000000000004466911COOPERATIVA DE SERVICOS TECNIC999FAKE           1104120160000000042                                                                                                                                                                                                                                                                          130412         000001
1020414679200016800000090142000169102                         00000000000000000097000000000000000000000000090211041215        00000000000000000097120412000000000050023700523  000000000025200000000000000000000000000000000000000000000000000000000000000000000000000000000000000000000000000000000                          0000000000                                                                  000002
1020414679200016800000090142000169102                         00000000000000000097000000000000000000000000090611041215        00000000000000000097120412000000000050023701420  000000000000000000000000000000000000000000000000000000000000000000000000000000000000000050000000000000000000000000000   130412             00000000000000                                                                  000003
1020414679200016800000090142000169102                         000000000000000001860000000000000000000000000917110412          00000000000000000186000000000000000000200101886  000000000000000000000000000000000000000000000000000000000000000000000000000000000000000000200000000000000000000000000   130412                 0000000000                                                                  000004
1020414679200016800000090142000169102                         000000000000000001940000000000000000000000000917110412          00000000000000000194000000000000000000200101886  000000000000000000000000000000000000000000000000000000000000000000000000000000000000000000200000000000000000000000000   130412                 0000000000                                                                  000005
1020414679200016800000090142000169102                         000000000000000002080000000000000000000000000917110412          00000000000000000208000000000000000000200101886  000000000000000000000000000000000000000000000000000000000000000000000000000000000000000000200000000000000000000000000   130412                 0000000000                                                                  000006
1020414679200016800000090142000169102                         000000000000000002160000000000000000000000000917110412          00000000000000000216000000000000000000200101886  000000000000000000000000000000000000000000000000000000000000000000000000000000000000000000200000000000000000000000000   130412                 0000000000                                                                  000007
1020414679200016800000090142000169102                         000000000000000002240000000000000000000000000917110412          00000000000000000224000000000000000000200101886  000000000000000000000000000000000000000000000000000000000000000000000000000000000000000000200000000000000000000000000   130412                 0000000000                                                                  000008
9201999          000000010000000000020000000042          00001000000000500000000000500000010000000005000000000000000000000000000000000000000000000000000000000000000000000000000000000000000                                                                                                                                                                              00000000000000000000000         000009
