10400000         2090183800001990000000000000000000001234204321000000000EMPRESA                       C ECON FEDERAL                          20601201405551100162204000000                    RETORNO-PRODUCAO                  000            
10400011T0100030 20090183800001990000000000000000000001234204321000000000EMPRESA                                                                                                       00001622060120140000000000                          00   
1040001300001T 060000000432100000000   240000000111369979100000000000000002012014000000000008000000010860000000000000000          090000000000000000                                                  000000000000125020101                     
1040001300002U 06000000000000000000000000000000000000000000000000000000000000000000000008000000000000008000000000000000000000000000000000060120140701201400000701201400000000000000000000000000000000000000000000000000000000000000000000       
1040001300003T 060000000432100000000   240000000111381979100000000000000005012014000000000008000000033170000000000000000          090000000000000000                                                  000000000000125020101                     
1040001300004U 06000000000000000000000000000000000000000000000000000000000000000000000008000000000000008000000000000000000000000000000000060120140701201400000701201400000000000000000000000000000000000000000000000000000000000000000000       
1040001300005T 060000000432100000000   240000000111378897100000000000000010012014000000000008000000011920000000000000000          090000000000000000                                                  000000000000125020101                     
1040001300006U 06000000000000000000000000001000000000000000000000000000000000000000000007000000000000007000000000000000000000000000000000060120140701201400000701201400000000000000000000000000000000000000000000000000000000000000000000       
1040001300007T 060000000432100000000   240000000111371256100000000000000010012014000000000008000000011920000000000000000          090000000000000000                                                  000000000000125020101                     
1040001300008U 06000000000000000000000000001000000000000000000000000000000000000000000007000000000000007000000000000000000000000000000000060120140701201400000701201400000000000000000000000000000000000000000000000000000000000000000000       
1040001300009T 060000000432100000000   240000000000222473100000000000000015012014000000000008000000002700000000000000000          090000000000000000                                                  000000000000125020101                     
1040001300010U 06000000000000000000000000001000000000000000000000000000000000000000000007000000000000007000000000000000000000000000000000060120140701201400000701201400000000000000000000000000000000000000000000000000000000000000000000       
1040001300011T 060000000432100000000   240000000111369162100000000000000010012014000000000008000000031280000000000000000          090000000000000000                                                  000000000000125020101                     
1040001300012U 06000000000000000000000000001000000000000000000000000000000000000000000007000000000000007000000000000000000000000000000000060120140701201400000701201400000000000000000000000000000000000000000000000000000000000000000000       
1040001300013T 060000000432100000000   240000000111368980100000000000000010012014000000000008000000036620000000000000000          090000000000000000                                                  000000000000125020101                     
1040001300014U 06000000000000000000000000000000000000000000000000000000000000000000000008000000000000008000000000000000000000000000000000060120140701201400000701201400000000000000000000000000000000000000000000000000000000000000000000       
1040001300015T 060000000432100000000   240000000000319990100000000000000010012014000000000048000000011920000000000000000          090000000000000000                                                  000000000000125020101                     
1040001300016U 06000000000000000000000000006000000000000000000000000000000000000000000042000000000000042000000000000000000000000000000000060120140701201400000701201400000000000000000000000000000000000000000000000000000000000000000000       
1040001300017T 060000000432100000000   240000000000305727100000000000000010012014000000000008000237017950000000000000000          090000000000000000                                                  000000000000270040101                     
1040001300018U 06000000000000000000000000001000000000000000000000000000000000000000000007000000000000007000000000000000000000000000000000060120140701201400000701201400000000000000000000000000000000000000000000000000000000000000000000       
10400015         00002000000000000000000000000000000000000000000000000000000000000000000000000000000000000000000000                                                                                                                             
10499999         000001000022                                                                                                                                                                                                                   
