02RETORNO01COBRANCA       33448000011113000000EMPRESA TESTE                 001BANCO DO BRASIL0809150000017                      000000017910400476  1112245                                                                                                                                                                                                                                              000001
70000000000000000334480000112131112245                         1112245000000029010000001   01900000000000 1806080915                              000000000000000250000157045001009150000900000000000000000000000000000000000000000000000000000000000000000000000000002500000000000000000000000000000000000000000000000000160020000000000000          0000000000000000000000000000000000000000000000001002000002
9201001          000000000000000000000000000000          000000000000000000000000000000          000000000000000000000000000000          000000000000000000000000000000                                                  000000000000000000000000000000                                                                                                                                                   000003
